<?xml version="1.0" encoding="UTF-8"?><collection xmlns="http://www.loc.gov/MARC21/slim"><record><leader>00454nam--2200169-i-4500</leader><controlfield tag="001">000038051</controlfield><controlfield tag="002">20161230</controlfield><controlfield tag="005">20161230201041</controlfield><controlfield tag="008">060222s1000------------r-----000-0-eng-d</controlfield><datafield ind1=" " ind2=" " tag="040"><subfield code="a">IFIN-HH</subfield></datafield><datafield ind1=" " ind2=" " tag="080"><subfield code="a">533.9</subfield></datafield><datafield ind1="1" ind2=" " tag="100"><subfield code="a">Venugopalan, M</subfield></datafield><datafield ind1="1" ind2="0" tag="245"><subfield code="a">Reactions under plasma conditions</subfield><subfield code="b">Volume II</subfield><subfield code="c">M. VENUGOPALAN (Ed.)</subfield></datafield><datafield ind1=" " ind2=" " tag="260"><subfield code="a">New York, Wiley-interscience, 1971</subfield></datafield><datafield ind1=" " ind2=" " tag="300"><subfield code="a">XI + 608 P</subfield></datafield><datafield ind1=" " ind2=" " tag="852"><subfield code="a">35271</subfield><subfield code="c">533.9</subfield></datafield><datafield ind1=" " ind2=" " tag="CAT"><subfield code="a">Sys</subfield><subfield code="c">20100923</subfield><subfield code="h">142600</subfield></datafield></record></collection>